@inbook{recent_developments,
author = {Low, Jia-Ming and Tan, Ian and Ting, Choo-Yee},
year = {2019},
month = {10},
pages = {38-51},
title = {Recent Developments in Recommender Systems},
isbn = {978-3-030-33708-7},
doi = {10.1007/978-3-030-33709-4_4}
}

@inproceedings{challenges_solutions_survey,
author = {Mohamed, Marwa and Khafagy, Mohamed and Ibrahim, Mohamed},
year = {2019},
month = {02},
pages = {},
title = {Recommender Systems Challenges and Solutions Survey},
doi = {10.1109/ITCE.2019.8646645}
}

@misc{pwn,
  title = {Słownik języka polskiego {PWN}},
  howpublished = {\url{https://sjp.pwn.pl/sjp/rekomendacja;2573787.html}},
  note = {Dostęp z dnia: 2020-06-02}
}

@misc{rs_in_real,
  title = {Recommendation Systems in the Real world},
  author = {Parul Pandey},
  howpublished = {\url{https://towardsdatascience.com/recommendation-systems-in-the-real-world-51e3948772f3}},
  note = {Dostęp z dnia: 2020-06-02}
}

@article{herlocker,
  acmid = {963772},
  added-at = {2011-06-03T12:13:44.000+0200},
  address = {New York, NY, USA},
  author = {Herlocker, Jonathan L. and Konstan, Joseph A. and Terveen, Loren G. and Riedl, John T.},
  biburl = {https://www.bibsonomy.org/bibtex/2c3a659108a568db1fba183c680dd1fd2/sdo},
  description = {Evaluating collaborative filtering recommender systems},
  doi = {10.1145/963770.963772},
  interhash = {f8a70731d983634ac7105896d101c9d2},
  intrahash = {c3a659108a568db1fba183c680dd1fd2},
  issn = {1046-8188},
  issue = {1},
  journal = {ACM Trans. Inf. Syst.},
  keywords = {collaEvaluating collaborative eval evaluation filtering recommend recommendation recommender systems},
  month = {January},
  numpages = {49},
  pages = {5--53},
  publisher = {ACM},
  timestamp = {2011-06-03T12:13:44.000+0200},
  title = {Evaluating collaborative filtering recommender systems},
  url = {http://doi.acm.org/10.1145/963770.963772},
  volume = 22,
  year = 2004
}

@article{Adomavicius2005,
  added-at = {2009-03-25T14:04:15.000+0100},
  address = {Piscataway, NJ, USA},
  author = {Adomavicius, Gediminas and Tuzhilin, Alexander},
  biburl = {https://www.bibsonomy.org/bibtex/289ae9158a0b1f6b2f2fccbf4808acbf6/ewm},
  doi = {http://dx.doi.org/10.1109/TKDE.2005.99},
  interhash = {42f7653127a823354d000ea95cf804be},
  intrahash = {89ae9158a0b1f6b2f2fccbf4808acbf6},
  issn = {1041-4347},
  journal = {IEEE Transactions on Knowledge and Data Engineering},
  keywords = {collaborative-filtering recommender-systems},
  note = {Member-Gediminas Adomavicius and Member-Alexander Tuzhilin},
  number = 6,
  owner = {wac},
  pages = {734--749},
  publisher = {IEEE Educational Activities Department},
  timestamp = {2009-03-25T14:04:15.000+0100},
  title = {Toward the Next Generation of Recommender Systems: A Survey of the
	State-of-the-Art and Possible Extensions},
  volume = 17,
  year = 2005
}



